<?xml version="1.0" encoding="UTF-8"?><record xmlns="http://www.loc.gov/MARC21/slim" xmlns:cinclude="http://apache.org/cocoon/include/1.0" xmlns:zs="http://www.loc.gov/zing/srw/">
  <leader>00502cz  a2200157n  4500</leader>
  <controlfield tag="001">no2008150110</controlfield>
  <controlfield tag="003">DLC</controlfield>
  <controlfield tag="005">20110914075131.0</controlfield>
  <controlfield tag="008">081013n| acannaabn          |b aaa     c</controlfield>
  <datafield tag="010" ind1=" " ind2=" ">
    <subfield code="a">no2008150110</subfield>
  </datafield>
  <datafield tag="035" ind1=" " ind2=" ">
    <subfield code="a">(OCoLC)oca07905529</subfield>
  </datafield>
  <datafield tag="040" ind1=" " ind2=" ">
    <subfield code="a">CU-HE</subfield>
    <subfield code="b">eng</subfield>
    <subfield code="c">CU-HE</subfield>
    <subfield code="d">DLC</subfield>
  </datafield>
  <datafield tag="100" ind1="1" ind2=" ">
    <subfield code="a">Roṭshṭain, Yosef</subfield>
  </datafield>
  <datafield tag="400" ind1="1" ind2=" ">
    <subfield code="a">רוטשטיין, יוסף</subfield>
  </datafield>
  <datafield tag="667" ind1=" " ind2=" ">
    <subfield code="a">Non-Latin script reference not evaluated</subfield>
  </datafield>
  <datafield tag="670" ind1=" " ind2=" ">
    <subfield code="a">Miḳra ṿe-arkheʼologyah, 2008:</subfield>
    <subfield code="b">t.p. verso (יוסף רוטשטיין = Yosef Roṭshṭain)</subfield>
  </datafield>
</record>